@inproceedings{Sakaki:2010:EST:1772690.1772777,
 author = {Sakaki, Takeshi and Okazaki, Makoto and Matsuo, Yutaka},
 title = {Earthquake Shakes Twitter Users: Real-time Event Detection by Social Sensors},
 booktitle = {Proceedings of the 19th International Conference on World Wide Web},
 series = {WWW '10},
 year = {2010},
 isbn = {978-1-60558-799-8},
 location = {Raleigh, North Carolina, USA},
 pages = {851--860},
 numpages = {10},
 url = {http://doi.acm.org/10.1145/1772690.1772777},
 doi = {10.1145/1772690.1772777},
 acmid = {1772777},
 publisher = {ACM},
 address = {New York, NY, USA},
 keywords = {Twitter, earthquake, event detection, location estimation, social sensor},
}

@inproceedings{tisue2004netlogo,
  title={Netlogo: A simple environment for modeling complexity},
  author={Tisue, Seth and Wilensky, Uri},
  booktitle={International conference on complex systems},
  volume={21},
  year={2004},
  organization={Boston, MA}
}

@article {GridSim,
author = {Buyya, Rajkumar and Murshed, Manzur},
title = {GridSim: a toolkit for the modeling and simulation of distributed resource management and scheduling for Grid computing},
journal = {Concurrency and Computation: Practice and Experience},
volume = {14},
number = {13-15},
publisher = {John Wiley & Sons, Ltd.},
issn = {1532-0634},
url = {http://dx.doi.org/10.1002/cpe.710},
doi = {10.1002/cpe.710},
pages = {1175--1220},
keywords = {Grid computing, modelling, simulation, scheduling, performance evaluation},
year = {2002},
}

@inproceedings{casanova2001simgrid,
  title={Simgrid: A toolkit for the simulation of application scheduling},
  author={Casanova, Henri},
  booktitle={Cluster computing and the grid, 2001. proceedings. first ieee/acm international symposium on},
  pages={430--437},
  year={2001},
  organization={IEEE}
}

@inproceedings{ALEA,
 author = {Klus\'{a}\v{c}ek, Dalibor and Rudov\'{a}, Hana},
 title = {Alea 2: Job Scheduling Simulator},
 booktitle = {Proceedings of the 3rd International ICST Conference on Simulation Tools and Techniques},
 series = {SIMUTools '10},
 year = {2010},
 isbn = {978-963-9799-87-5},
 location = {Torremolinos, Malaga, Spain},
 pages = {61:1--61:10},
 articleno = {61},
 numpages = {10},
 url = {http://dx.doi.org/10.4108/ICST.SIMUTOOLS2010.8722},
 doi = {10.4108/ICST.SIMUTOOLS2010.8722},
 acmid = {1808220},
 publisher = {ICST (Institute for Computer Sciences, Social-Informatics and Telecommunications Engineering)},
 address = {ICST, Brussels, Belgium, Belgium},
 keywords = {GridSim, cluster, grid, scheduling, simulation, visualization},
} 